@article{stmlockfree,
	author = {Fernandes, Sergio Miguel and Joao Cachopo},
	title = {Lock-free and Scalable Multi-Version Software Transactional Memory},
	journal = {ACM SIGPLAN Notices},
	month = aug,
	year = 2011,
	pages = {179-188},
	volume = {46}
}

@book{sub11,
	author	= 	{Venkat Subramaniam},
	title	=	{Programming Concurrency on the JVM: Mastering Synchronization, STM, and Actors},
	month	=	sep,
	year	=	{2011},
	publisher = {TBE}
}

@misc{int12,
	author	= {},
	title	= {Internet world stats},
	month	= mar,
	year	= {2012},
	howpublished = {\url{http://www.internetworldstats.com/stats.htm}},
	note = "Last visited March 8 2012"
}

@misc{parcom12,
	author	= {},
	title	= {Parallel computing},
	month	= mar,
	year	= 2012,
	howpublished = {\url{http://en.wikipedia.org/wiki/Parallel_Computing}},
	note = "Last visited March 13 2012"
}

@misc{lockcs,
	author	= {},
	title	= {Lock computer science},
	month	= mar,
	year	= 2012,
	howpublished = {\url{http://en.wikipedia.org/wiki/Lock_(computer_science)}},
	note = "Last visited March 22 2012"
}

@misc{concon,
	author	= {},
	title	= {Concurrency control},
	month	= mar,
	year	= 2012,
	howpublished = {\url{http://en.wikipedia.org/wiki/Concurrency_control}},
	note = "Last visited March 22 2012"
}

@misc{dpp,
	author	= {},
	title	= {Dinging philosophers problem},
	month	= mar,
	year	= 2012,
	howpublished = {\url{http://en.wikipedia.org/wiki/Dining_philosophers_problem}},
	note = "Last visited April 2, 2012"
}

@misc{embpar,
	title = {Embarrassingly parallel},
	month = apr,
	year = 2012,
	howpublished = {\url{http://en.wikipedia.org/wiki/Embarrassingly_parallel}},
	note = "Last visited April 2, 2012"
}

http://www.informatik.uni-hamburg.de/TGI/publikationen/public/data/2008/Cabac+08b/Cabac+08b.pdf
